@misc{gym_cliffwalking,
  title        = {Cliff Walking Environment},
  author       = {{Farama Foundation}},
  howpublished = {\url{https://gymnasium.farama.org/environments/toy_text/cliff_walking/}},
  note         = {Accedido: 15 de abril de 2025},
  year         = {2025},
  month        = abril
}

@misc{gym_github,
  title        = {{Gymnasium}: A Reinforcement Learning Library},
  author       = {{Farama Foundation}},
  howpublished = {\url{https://github.com/Farama-Foundation/Gymnasium}},
  note         = {Accedido: 15 de abril de 2025},
  year         = {2025},
  month        = abril
}

@misc{Alvarez2025Utilidad,
  author       = {Sergio {\'A}lvarez and Javier V{\'a}zquez},
  title        = {Agentes guiados por utilidad},
  howpublished = {Diapositivas de la asignatura Sistemas Inteligentes Distribuidos, UPC},
  month        = abr,
  year         = {2025},
  note         = {Material de curso, disponible en PDF},  
}

@misc{Alvarez2025RL,
  author       = {Sergio {\'A}lvarez and Javier V{\'a}zquez},
  title        = {Aprendizaje por refuerzo},
  howpublished = {Diapositivas de la asignatura Sistemas Inteligentes Distribuidos, UPC},
  month        = abr,
  year         = {2025},
  note         = {Material de curso, disponible en PDF},  
}